@article{barbera2015tweeting,
	title={Tweeting from left to right: Is online political communication more than an echo chamber?},
	author={Barber{\'a}, Pablo and Jost, John T and Nagler, Jonathan and Tucker, Joshua A and Bonneau, Richard},
	journal={Psychological science},
	volume={26},
	number={10},
	pages={1531--1542},
	year={2015},
	publisher={SAGE Publications Sage CA: Los Angeles, CA}
}

@phdthesis{lao2015authentication,
	title={Authentication and Obfuscation of Digital Signal Processing Integrated Circuits},
	author={Lao, Yingjie},
	year={2015},
	school={UNIVERSITY OF MINNESOTA}
}

@electronic{senatorFollowers,
	author   = "BirdSong Analytics",
	title     = "United States Senators on Twitter",
	url       = "https://www.birdsonganalytics.com/politics/senators/"
}

